@article{bernard1995convergence,
  title={Convergence in international output},
  author={Bernard, Andrew B and Durlauf, Steven N},
  journal={Journal of applied econometrics},
  volume={10},
  number={2},
  pages={97--108},
  year={1995},
  publisher={Wiley Online Library}
}
