@article{harrison2014does,
  title={Does innovation stimulate employment? A firm-level analysis using comparable micro-data from four European countries},
  author={Harrison, Rupert and Jaumandreu, Jordi and Mairesse, Jacques and Peters, Bettina},
  journal={International Journal of Industrial Organization},
  volume={35},
  pages={29--43},
  year={2014},
  publisher={Elsevier}
}
@article{sternberg2001firm,
  title={The firm or the region: what determines the innovation behavior of European firms?},
  author={Sternberg, Rolf and Arndt, Olaf},
  journal={Economic Geography},
  volume={77},
  number={4},
  pages={364--382},
  year={2001},
  publisher={Taylor \& Francis}
}
@article{ohUallach2007rethinking,
  title={Rethinking the regional knowledge production function},
  author={{\'O} hUallach{\'a}in, Breand{\'a}n and Leslie, Timothy F},
  journal={Journal of Economic Geography},
  volume={7},
  number={6},
  pages={737--752},
  year={2007},
  publisher={Oxford University Press}
}
@article{gennaioli2012human,
  title={Human capital and regional development},
  author={Gennaioli, Nicola and La Porta, Rafael and Lopez-de-Silanes, Florencio and Shleifer, Andrei},
  journal={The Quarterly journal of economics},
  volume={128},
  number={1},
  pages={105--164},
  year={2012},
  publisher={MIT Press}
}
@article{vogel2015two,
  title={The two faces of R \& D and human capital: Evidence from W estern E uropean regions},
  author={Vogel, Johanna},
  journal={Papers in Regional Science},
  volume={94},
  number={3},
  pages={525--551},
  year={2015},
  publisher={Wiley Online Library}
}
@techreport{barrios2001explaining,
  title={Explaining firms export behaviour: the role of RD and spillovers},
  author={Barrios Cobos, Salvador and G{\"o}rg, Holger and Strobl, Eric and others},
  year={2001},
  institution={Research paper/Leverhulme Centre for Research on Globalisation and Economic~â€¦}
}
@article{gibbons2012mostly,
  title={Mostly pointless spatial econometrics?},
  author={Gibbons, Stephen and Overman, Henry G},
  journal={Journal of Regional Science},
  volume={52},
  number={2},
  pages={172--191},
  year={2012},
  publisher={Wiley Online Library}
}
