@article{duflo2011peer,
  title={Peer effects, teacher incentives, and the impact of tracking: Evidence from a randomized evaluation in Kenya},
  author={Duflo, Esther and Dupas, Pascaline and Kremer, Michael},
  journal={American Economic Review},
  volume={101},
  number={5},
  pages={1739--74},
  year={2011}
}

@article{epple2002ability,
  title={Ability tracking, school competition, and the distribution of educational benefits},
  author={Epple, Dennis and Newlon, Elizabeth and Romano, Richard},
  journal={Journal of Public Economics},
  volume={83},
  number={1},
  pages={1--48},
  year={2002},
  publisher={Elsevier}
}

@article{figlio2002school,
  title={School choice and the distributional effects of ability tracking: does separation increase inequality?},
  author={Figlio, David N and Page, Marianne E},
  journal={Journal of Urban Economics},
  volume={51},
  number={3},
  pages={497--514},
  year={2002},
  publisher={Elsevier}
}

@article{lefgren2004educational,
  title={Educational peer effects and the Chicago public schools},
  author={Lefgren, Lars},
  journal={Journal of urban Economics},
  volume={56},
  number={2},
  pages={169--191},
  year={2004},
  publisher={Elsevier}
}

@article{zimmer2003new,
  title={A new twist in the educational tracking debate},
  author={Zimmer, Ron},
  journal={Economics of Education Review},
  volume={22},
  number={3},
  pages={307--315},
  year={2003},
  publisher={Elsevier}
}

@article{manning2006comprehensive,
  title={Comprehensive versus selective schooling in England in Wales: What do we know?},
  author={Manning, Alan and Pischke, J{\"o}rn-Steffen},
  year={2006}
}

@article{glewwe2009many,
  title={Many children left behind? Textbooks and test scores in Kenya},
  author={Glewwe, Paul and Kremer, Michael and Moulin, Sylvie},
  journal={American Economic Journal: Applied Economics},
  volume={1},
  number={1},
  pages={112--35},
  year={2009}
}
