@article{faccio2006politically,
  title={Politically connected firms},
  author={Faccio, Mara},
  journal={American economic review},
  volume={96},
  number={1},
  pages={369--386},
  year={2006}
}
@article{amore2013value,
  title={The value of local political connections in a low-corruption environment},
  author={Amore, Mario Daniele and Bennedsen, Morten},
  journal={Journal of Financial Economics},
  volume={110},
  number={2},
  pages={387--402},
  year={2013},
  publisher={Elsevier}
}
@article{pena2018privatization,
  title={Is privatization related to corruption? An empirical analysis of European countries},
  author={Pe{\~n}a Miguel, Noem{\'\i} and Cuadrado-Ballesteros, Beatriz},
  journal={Public Management Review},
  pages={1--27},
  year={2018},
  publisher={Taylor \& Francis}
}
@article{albalate2017weakening,
  title={Weakening political connections by means of regulatory reform: Evidence from contracting out water services in Spain},
  author={Albalate, Daniel and Bel, Germ{\`a} and Gonz{\'a}lez-G{\'o}mez, Francisco and Picazo-Tadeo, Andr{\'e}s J},
  journal={Journal of Regulatory Economics},
  volume={52},
  number={2},
  pages={211--235},
  year={2017},
  publisher={Springer}
}
@article{acemoglu2016value,
  title={The value of connections in turbulent times: Evidence from the United States},
  author={Acemoglu, Daron and Johnson, Simon and Kermani, Amir and Kwak, James and Mitton, Todd},
  journal={Journal of Financial Economics},
  volume={121},
  number={2},
  pages={368--391},
  year={2016},
  publisher={Elsevier}
}
@book{stanley2014business,
  title={Business bribery risk assessment},
  author={Stanley, Karlyn D and Saloga, Clinton W and Miles, Jeremy and Burger, Nicholas and Loredo, Elvira N},
  year={2014},
  publisher={Rand Corporation}
}
@article{rohwer2009measuring,
  title={Measuring corruption: a comparison between the transparency international's corruption perceptions index and the World Bank's worldwide governance indicators},
  author={Rohwer, Anja},
  journal={CESifo DICE Report},
  volume={7},
  number={3},
  pages={42--52},
  year={2009},
  publisher={M{\"u}nchen: ifo Institut f{\"u}r Wirtschaftsforschung an der Universit{\"a}t M{\"u}nchen}
}
@article{galtung2006measuring,
  title={Measuring the immeasurable: boundaries and functions of (macro) corruption indices},
  author={Galtung, Fredrik},
  journal={Measuring corruption},
  volume={101},
  year={2006},
  publisher={Ashgate Aldershot}
}
@article{ohsugi2007people,
  title={People and Local Government: Resident Participation in the Management of Local Governments},
  author={Ohsugi, Satoru},
  journal={Selected Fields in Japan},
  volume={1},
  year={2007}
}

@article{miyazaki2013municipal,
  title={Municipal consolidation and local government behavior: evidence from japanese voting data on merger referenda},
  author={Miyazaki, Takeshi},
  journal={Economics of Governance},
  volume={15},
  number={4},
  pages={387--410},
  year={2014}
}
@book{yokomichi2007development,
  title={The development of municipal mergers in Japan},
  author={Yokomichi, Kiyotaka},
  year={2007},
  publisher={Council of Local Authorities for International Relations (CLAIR)}
}
@article{yamada2018majority,
  title={From a majority to a minority: How municipal mergers in Japan changed the distribution of political powers and the allocation of public services within a merged municipality},
  author={Yamada, Kyohei},
  journal={Urban Affairs Review},
  volume={54},
  number={3},
  pages={560--592},
  year={2018},
  publisher={SAGE Publications Sage CA: Los Angeles, CA}
}
@misc{michihiro2007local,
  title={Local Government in Japan},
  author={Michihiro, Kayama},
  year={2007},
  publisher={Tokyo: Council of Local Authorities for International Relations (CLAIR)}
}
