
@incollection{blundell1999labor,
  title={Labor supply: A review of alternative approaches},
  author={Blundell, Richard and MaCurdy, Thomas},
  booktitle={Handbook of labor economics},
  volume={3},
  pages={1559--1695},
  year={1999},
  publisher={Elsevier}
}

@article{saez2012elasticity,
  title={The elasticity of taxable income with respect to marginal tax rates: A critical review},
  author={Saez, Emmanuel and Slemrod, Joel and Giertz, Seth H},
  journal={Journal of economic literature},
  volume={50},
  number={1},
  pages={3--50},
  year={2012}
}

@article{ohanian2008long,
  title={Long-term changes in labor supply and taxes: Evidence from OECD countries, 1956--2004},
  author={Ohanian, Lee and Raffo, Andrea and Rogerson, Richard},
  journal={Journal of Monetary Economics},
  volume={55},
  number={8},
  pages={1353--1362},
  year={2008},
  publisher={Elsevier}
}

@article{chetty2012bounds,
  title={Bounds on elasticities with optimization frictions: A synthesis of micro and macro evidence on labor supply},
  author={Chetty, Raj},
  journal={Econometrica},
  volume={80},
  number={3},
  pages={969--1018},
  year={2012},
  publisher={Wiley Online Library}
}

@article{chetty2011adjustment,
  title={Adjustment costs, firm responses, and micro vs. macro labor supply elasticities: Evidence from Danish tax records},
  author={Chetty, Raj and Friedman, John N and Olsen, Tore and Pistaferri, Luigi},
  journal={The quarterly journal of economics},
  volume={126},
  number={2},
  pages={749--804},
  year={2011},
  publisher={MIT Press}
}

@techreport{prescott2004americans,
  title={Why do Americans work so much more than Europeans?},
  author={Prescott, Edward C},
  year={2004},
  institution={National Bureau of Economic Research}
}

@article{davis2005tax,
  title={Tax Effects on Work Activity, Industry Mix and Shadow Economy Size: Evidence from Rich-Country Comparisons", Labour Supply and Incentives},
  author={Davis, Steven J and Henrekson, Magnus},
  year={2005},
  publisher={Citeseer}
}

@article{allers2005tax,
  title={Tax mimicking and yardstick competition among local governments in the Netherlands},
  author={Allers, Maarten A and Elhorst, J Paul},
  journal={International tax and public finance},
  volume={12},
  number={4},
  pages={493--513},
  year={2005},
  publisher={Springer}
}

@article{olle2003electoral,
  title={Electoral accountability and tax mimicking: the effects of electoral margins, coalition government, and ideology},
  author={Oll{\'e}, Albert Sol{\'e}},
  journal={European Journal of Political Economy},
  volume={19},
  number={4},
  pages={685--713},
  year={2003},
  publisher={Elsevier}
}

@article{devereux2007horizontal,
  title={Horizontal and vertical indirect tax competition: Theory and some evidence from the USA},
  author={Devereux, Michael P and Lockwood, Ben and Redoano, Michela},
  journal={Journal of Public Economics},
  volume={91},
  number={3-4},
  pages={451--479},
  year={2007},
  publisher={Elsevier}
}

@article{bruce2006tax,
  title={Tax base elasticities: A multi-state analysis of long-run and short-run dynamics},
  author={Bruce, Donald and Fox, William F and Tuttle, Mark H},
  journal={southern economic Journal},
  pages={315--341},
  year={2006},
  publisher={JSTOR}
}

@article{bruce2010base,
  title={Base mobility and state personal income taxes},
  author={Bruce, Donald and Fox, William F and Yang, Zhou},
  journal={National Tax Journal},
  volume={63},
  number={4},
  pages={945},
  year={2010},
  publisher={National Tax Association}
}

@article{feldstein1999tax,
  title={Tax avoidance and the deadweight loss of the income tax},
  author={Feldstein, Martin},
  journal={Review of Economics and Statistics},
  volume={81},
  number={4},
  pages={674--680},
  year={1999},
  publisher={MIT Press}
}

@article{gruber2002elasticity,
  title={The elasticity of taxable income: evidence and implications},
  author={Gruber, Jon and Saez, Emmanuel},
  journal={Journal of public Economics},
  volume={84},
  number={1},
  pages={1--32},
  year={2002},
  publisher={Elsevier}
}

@article{feldstein1995effect,
  title={The effect of marginal tax rates on taxable income: a panel study of the 1986 Tax Reform Act},
  author={Feldstein, Martin},
  journal={Journal of Political Economy},
  volume={103},
  number={3},
  pages={551--572},
  year={1995},
  publisher={The University of Chicago Press}
}

@article{kleven2014estimating,
  title={Estimating taxable income responses using Danish tax reforms},
  author={Kleven, Henrik Jacobsen and Schultz, Esben Anton},
  journal={American Economic Journal: Economic Policy},
  volume={6},
  number={4},
  pages={271--301},
  year={2014}
}
