@article{faccio2006politically,
  title={Politically connected firms},
  author={Faccio, Mara},
  journal={American economic review},
  volume={96},
  number={1},
  pages={369--386},
  year={2006}
}
@article{amore2013value,
  title={The value of local political connections in a low-corruption environment},
  author={Amore, Mario Daniele and Bennedsen, Morten},
  journal={Journal of Financial Economics},
  volume={110},
  number={2},
  pages={387--402},
  year={2013},
  publisher={Elsevier}
}
@article{pena2018privatization,
  title={Is privatization related to corruption? An empirical analysis of European countries},
  author={Pe{\~n}a Miguel, Noem{\'\i} and Cuadrado-Ballesteros, Beatriz},
  journal={Public Management Review},
  pages={1--27},
  year={2018},
  publisher={Taylor \& Francis}
}
