@incollection{piketty2013optimal,
  title={Optimal labor income taxation},
  author={Piketty, Thomas and Saez, Emmanuel},
  booktitle={Handbook of public economics},
  volume={5},
  pages={391--474},
  year={2013},
  publisher={Elsevier}
}
