@article{newey1994automatic,
  title={Automatic lag selection in covariance matrix estimation},
  author={Newey, Whitney K and West, Kenneth D},
  journal={The Review of Economic Studies},
  volume={61},
  number={4},
  pages={631--653},
  year={1994},
  publisher={Wiley-Blackwell}
}
